<?xml version="1.0" encoding="UTF-8"?><collection xmlns="http://www.loc.gov/MARC21/slim"><record><leader>00372nam--2200109-i-4500</leader><controlfield tag="001">000005339</controlfield><controlfield tag="002">20161230</controlfield><controlfield tag="005">20161230201026</controlfield><controlfield tag="008">060222s1000------------r-----000-0-eng-d</controlfield><datafield ind1=" " ind2=" " tag="245"><subfield code="a">Background material for the development of radiation protection standards.report nr.l of the federal radiation council</subfield></datafield><datafield ind1=" " ind2=" " tag="260"><subfield code="a">Washington, U.S.Government Pint.Office, 1960. 39p</subfield></datafield><datafield ind1=" " ind2=" " tag="852"><subfield code="a">12193</subfield></datafield></record></collection>